@inproceedings{SimilarityMatrices,
  title={On a theory of learning with similarity functions},
  author={Balcan, Maria-Florina and Blum, Avrim},
  booktitle={Proceedings of the 23rd international conference on Machine learning},
  pages={73--80},
  year={2006}
}

@article{actup,
  title={ActUp: Analyzing and Consolidating tSNE and UMAP},
  author={Draganov, Andrew and J{\o}rgensen, Jakob R{\o}dsgaard and Nellemann, Katrine Scheel and Mottin, Davide and Assent, Ira and Berry, Tyrus and Aslay, Cigdem},
  journal={arXiv preprint arXiv:2305.07320},
  year={2023}
}

@article{tsne_clustering,
  title={Clustering with t-SNE, provably},
  author={Linderman, George C and Steinerberger, Stefan},
  journal={SIAM Journal on Mathematics of Data Science},
  volume={1},
  number={2},
  pages={313--332},
  year={2019},
  publisher={SIAM}
}

@article{min_distortion_emb,
  title={Minimum-distortion embedding},
  author={Agrawal, Akshay and Ali, Alnur and Boyd, Stephen and others},
  journal={Foundations and Trends{\textregistered} in Machine Learning},
  volume={14},
  number={3},
  pages={211--378},
  year={2021},
  publisher={Now Publishers, Inc.}
}

@article{tsne_umap_init,
  title={Initialization is critical for preserving global data structure in both t-SNE and UMAP},
  author={Kobak, Dmitry and Linderman, George C},
  journal={Nature biotechnology},
  volume={39},
  number={2},
  pages={156--157},
  year={2021},
  publisher={Nature Publishing Group US New York}
}

@article{attr_rep_spectrum,
  title={Attraction-repulsion spectrum in neighbor embeddings},
  author={B{\"o}hm, Jan Niklas and Berens, Philipp and Kobak, Dmitry},
  journal={Journal of Machine Learning Research},
  volume={23},
  number={95},
  pages={1--32},
  year={2022}
}

@article{tsne_umap_contrastive,
  author       = {Sebastian Damrich and
                  Jan Niklas B{\"{o}}hm and
                  Fred A. Hamprecht and
                  Dmitry Kobak},
  title        = {Contrastive learning unifies t-SNE and {UMAP}},
  journal      = {CoRR},
  volume       = {abs/2206.01816},
  year         = {2022},
  url          = {https://doi.org/10.48550/arXiv.2206.01816},
  doi          = {10.48550/arXiv.2206.01816},
  eprinttype    = {arXiv},
  eprint       = {2206.01816},
  timestamp    = {Mon, 13 Jun 2022 15:31:50 +0200},
  biburl       = {https://dblp.org/rec/journals/corr/abs-2206-01816.bib},
  bibsource    = {dblp computer science bibliography, https://dblp.org}
}

@article{tsne_umap_prob,
  title={A Probabilistic Graph Coupling View of Dimension Reduction},
  author={Van Assel, Hugues and Espinasse, Thibault and Chiquet, Julien and Picard, Franck},
  journal={arXiv preprint arXiv:2201.13053},
  year={2022}
}

@article{umap_effective_loss,
  title={On UMAP's true loss function},
  author={Damrich, Sebastian and Hamprecht, Fred A},
  journal={Advances in Neural Information Processing Systems},
  volume={34},
  pages={5798--5809},
  year={2021}
}

@article{tsne_acc,
  title={Accelerating t-SNE using tree-based algorithms},
  author={Van Der Maaten, Laurens},
  journal={The journal of machine learning research},
  volume={15},
  number={1},
  pages={3221--3245},
  year={2014},
  publisher={JMLR. org}
}

@article{tsne_orig,
  title={Visualizing data using t-SNE.},
  author={Van der Maaten, Laurens and Hinton, Geoffrey},
  journal={Journal of machine learning research},
  volume={9},
  number={11},
  year={2008}
}

@article{forceatlas2,
  title={ForceAtlas2, a continuous graph layout algorithm for handy network visualization designed for the Gephi software},
  author={Jacomy, Mathieu and Venturini, Tommaso and Heymann, Sebastien and Bastian, Mathieu},
  journal={PloS one},
  volume={9},
  number={6},
  pages={e98679},
  year={2014},
  publisher={Public Library of Science San Francisco, USA}
}

@article{umap,
  title={Umap: Uniform manifold approximation and projection for dimension reduction},
  author={McInnes, Leland and Healy, John and Melville, James},
  journal={arXiv preprint arXiv:1802.03426},
  year={2018}
}

@inproceedings{largevis,
  title={Visualizing large-scale and high-dimensional data},
  author={Tang, Jian and Liu, Jingzhou and Zhang, Ming and Mei, Qiaozhu},
  booktitle={Proceedings of the 25th international conference on world wide web},
  pages={287--297},
  year={2016}
}

@article{pacmap_analysis,
  title={Towards a comprehensive evaluation of dimension reduction methods for transcriptomic data visualization},
  author={Huang, Haiyang and Wang, Yingfan and Rudin, Cynthia and Browne, Edward P},
  journal={Communications biology},
  volume={5},
  number={1},
  pages={719},
  year={2022},
  publisher={Nature Publishing Group UK London}
}

@article{pacmap,
  title={Understanding how dimension reduction tools work: an empirical approach to deciphering t-SNE, UMAP, TriMAP, and PaCMAP for data visualization},
  author={Wang, Yingfan and Huang, Haiyang and Rudin, Cynthia and Shaposhnik, Yaron},
  journal={The Journal of Machine Learning Research},
  volume={22},
  number={1},
  pages={9129--9201},
  year={2021},
  publisher={JMLRORG}
}

@article{trimap,
  title={TriMap: Large-scale dimensionality reduction using triplets},
  author={Amid, Ehsan and Warmuth, Manfred K},
  journal={arXiv preprint arXiv:1910.00204},
  year={2019}
}

@article{tsne_effectively,
  author = {Wattenberg, Martin and Vi√©gas, Fernanda and Johnson, Ian},
  title = {How to Use t-SNE Effectively},
  journal = {Distill},
  year = {2016},
  url = {http://distill.pub/2016/misread-tsne},
  doi = {10.23915/distill.00002}
}

@article{lle,
  title={Nonlinear dimensionality reduction by locally linear embedding},
  author={Roweis, Sam T and Saul, Lawrence K},
  journal={science},
  volume={290},
  number={5500},
  pages={2323--2326},
  year={2000},
  publisher={American Association for the Advancement of Science}
}

@article{lle_tutorial,
  title={Locally linear embedding and its variants: Tutorial and survey},
  author={Ghojogh, Benyamin and Ghodsi, Ali and Karray, Fakhri and Crowley, Mark},
  journal={arXiv preprint arXiv:2011.10925},
  year={2020}
}

@article{isomap,
  title={A global geometric framework for nonlinear dimensionality reduction},
  author={Tenenbaum, Joshua B and Silva, Vin de and Langford, John C},
  journal={science},
  volume={290},
  number={5500},
  pages={2319--2323},
  year={2000},
  publisher={American Association for the Advancement of Science}
}

@article{laplacian_eigenmaps,
  title={Laplacian eigenmaps for dimensionality reduction and data representation},
  author={Belkin, Mikhail and Niyogi, Partha},
  journal={Neural computation},
  volume={15},
  number={6},
  pages={1373--1396},
  year={2003},
  publisher={MIT Press}
}

@article{mds_original,
  title={Multidimensional scaling by optimizing goodness of fit to a nonmetric hypothesis},
  author={Kruskal, Joseph B},
  journal={Psychometrika},
  volume={29},
  number={1},
  pages={1--27},
  year={1964},
  publisher={Springer}
}

@inproceedings{kernel_pca,
  title={Kernel principal component analysis},
  author={Sch{\"o}lkopf, Bernhard and Smola, Alexander and M{\"u}ller, Klaus-Robert},
  booktitle={International conference on artificial neural networks},
  pages={583--588},
  year={1997},
  organization={Springer}
}

@article{pca_tutorial,
  title={Unsupervised and supervised principal component analysis: Tutorial},
  author={Ghojogh, Benyamin and Crowley, Mark},
  journal={arXiv preprint arXiv:1906.03148},
  year={2019}
}

% Comparison of dim. reduction techniques

@article{dlp,
    title = {Enhance explainability of manifold learning},
    journal = {Neurocomputing},
    volume = {500},
    pages = {877-895},
    year = {2022},
    issn = {0925-2312},
    doi = {https://doi.org/10.1016/j.neucom.2022.05.119},
    url = {https://www.sciencedirect.com/science/article/pii/S0925231222007044},
    author = {Henry Han and Wentian Li and Jiacun Wang and Guimin Qin and Xianya Qin},
    keywords = {Explainable AI, Manifold learning, t-SNE, UMAP, Dimension reduction, Locally isometric}
}

@article{conceptual_comparison_dr,
  title={Conceptual and empirical comparison of dimensionality reduction algorithms (pca, kpca, lda, mds, svd, lle, isomap, le, ica, t-sne)},
  author={Anowar, Farzana and Sadaoui, Samira and Selim, Bassant},
  journal={Computer Science Review},
  volume={40},
  pages={100378},
  year={2021},
  publisher={Elsevier}
}


% Deep learning models that use tSNE/UMAP for visualization

@article{deep_learning_tsne_umap_1,
  title={Prototypical contrastive learning of unsupervised representations},
  author={Li, Junnan and Zhou, Pan and Xiong, Caiming and Hoi, Steven CH},
  journal={arXiv preprint arXiv:2005.04966},
  year={2020}
}

@article{deep_learning_tsne_umap_2,
  title={CLC: Cluster Assignment via Contrastive Representation Learning},
  author={Ding, Fei and Zhang, Dan and Yang, Yin and Krovi, Venkat and Luo, Feng},
  journal={arXiv preprint arXiv:2306.05439},
  year={2023}
}

@article{deep_learning_tsne_umap_3,
  title={Global and local structure preserving GPU t-SNE methods for large-scale applications},
  author={Meyer, Bruno Henrique and Pozo, Aurora Trinidad Ramirez and Zola, Wagner M Nunan},
  journal={Expert Systems with Applications},
  volume={201},
  pages={116918},
  year={2022},
  publisher={Elsevier}
}

@article{deep_learning_tsne_umap_4,
  title={Supporting clustering with contrastive learning},
  author={Zhang, Dejiao and Nan, Feng and Wei, Xiaokai and Li, Shangwen and Zhu, Henghui and McKeown, Kathleen and Nallapati, Ramesh and Arnold, Andrew and Xiang, Bing},
  journal={arXiv preprint arXiv:2103.12953},
  year={2021}
}

@inproceedings{deep_learning_tsne_umap_5,
  title={Decoupled contrastive learning},
  author={Yeh, Chun-Hsiao and Hong, Cheng-Yao and Hsu, Yen-Chi and Liu, Tyng-Luh and Chen, Yubei and LeCun, Yann},
  booktitle={Computer Vision--ECCV 2022: 17th European Conference, Tel Aviv, Israel, October 23--27, 2022, Proceedings, Part XXVI},
  pages={668--684},
  year={2022},
  organization={Springer}
}

@article{deep_learning_tsne_umap_6,
  title={Contrastive learning of musical representations},
  author={Spijkervet, Janne and Burgoyne, John Ashley},
  journal={arXiv preprint arXiv:2103.09410},
  year={2021}
}

@inproceedings{deep_learning_tsne_umap_7,
  title={A broad study on the transferability of visual representations with contrastive learning},
  author={Islam, Ashraful and Chen, Chun-Fu Richard and Panda, Rameswar and Karlinsky, Leonid and Radke, Richard and Feris, Rogerio},
  booktitle={Proceedings of the IEEE/CVF International Conference on Computer Vision},
  pages={8845--8855},
  year={2021}
}

@inproceedings{deep_learning_tsne_umap_8,
  title={Contrastive learning for unsupervised video highlight detection},
  author={Badamdorj, Taivanbat and Rochan, Mrigank and Wang, Yang and Cheng, Li},
  booktitle={Proceedings of the IEEE/CVF Conference on Computer Vision and Pattern Recognition},
  pages={14042--14052},
  year={2022}
}

@inproceedings{deep_learning_tsne_umap_9,
  title={Unified contrastive learning in image-text-label space},
  author={Yang, Jianwei and Li, Chunyuan and Zhang, Pengchuan and Xiao, Bin and Liu, Ce and Yuan, Lu and Gao, Jianfeng},
  booktitle={Proceedings of the IEEE/CVF Conference on Computer Vision and Pattern Recognition},
  pages={19163--19173},
  year={2022}
}

@article{deep_learning_tsne_umap_10,
  title={Medclip: Contrastive learning from unpaired medical images and text},
  author={Wang, Zifeng and Wu, Zhenbang and Agarwal, Dinesh and Sun, Jimeng},
  journal={arXiv preprint arXiv:2210.10163},
  year={2022}
}

@article{deep_learning_tsne_umap_11,
  title={Regularizing visual semantic embedding with contrastive learning for image-text matching},
  author={Liu, Yang and Liu, Hong and Wang, Huaqiu and Liu, Mengyuan},
  journal={IEEE Signal Processing Letters},
  volume={29},
  pages={1332--1336},
  year={2022},
  publisher={IEEE}
}

@article{deep_learning_tsne_umap_12,
  title={Studying the impact of magnitude pruning on contrastive learning methods},
  author={Corti, Francesco and Entezari, Rahim and Hooker, Sara and Bacciu, Davide and Saukh, Olga},
  journal={arXiv preprint arXiv:2207.00200},
  year={2022}
}

@inproceedings{deep_learning_tsne_umap_13,
  title={Supervised contrastive learning for generalizable and explainable deepfakes detection},
  author={Xu, Ying and Raja, Kiran and Pedersen, Marius},
  booktitle={Proceedings of the IEEE/CVF Winter Conference on Applications of Computer Vision},
  pages={379--389},
  year={2022}
}

@inproceedings{deep_learning_tsne_umap_14,
  title={Cola: Weakly-supervised temporal action localization with snippet contrastive learning},
  author={Zhang, Can and Cao, Meng and Yang, Dongming and Chen, Jie and Zou, Yuexian},
  booktitle={Proceedings of the IEEE/CVF Conference on Computer Vision and Pattern Recognition},
  pages={16010--16019},
  year={2021}
}

@article{deep_learning_tsne_umap_15,
  title={Anomaly detection in IR images of PV modules using supervised contrastive learning},
  author={Bommes, Lukas and Hoffmann, Mathis and Buerhop-Lutz, Claudia and Pickel, Tobias and Hauch, Jens and Brabec, Christoph and Maier, Andreas and Marius Peters, Ian},
  journal={Progress in Photovoltaics: Research and Applications},
  volume={30},
  number={6},
  pages={597--614},
  year={2022},
  publisher={Wiley Online Library}
}

@article{deep_learning_tsne_umap_16,
  title={A multi-encoder variational autoencoder controls multiple transformational features in single-cell image analysis},
  author={Ternes, Luke and Dane, Mark and Gross, Sean and Labrie, Marilyne and Mills, Gordon and Gray, Joe and Heiser, Laura and Chang, Young Hwan},
  journal={Communications biology},
  volume={5},
  number={1},
  pages={255},
  year={2022},
  publisher={Nature Publishing Group UK London}
}

@inproceedings{deep_learning_tsne_umap_17,
  title={Unsupervised hyperbolic representation learning via message passing auto-encoders},
  author={Park, Jiwoong and Cho, Junho and Chang, Hyung Jin and Choi, Jin Young},
  booktitle={Proceedings of the IEEE/CVF Conference on Computer Vision and Pattern Recognition},
  pages={5516--5526},
  year={2021}
}

@inproceedings{deep_learning_tsne_umap_18,
  title={When explainability meets adversarial learning: Detecting adversarial examples using shap signatures},
  author={Fidel, Gil and Bitton, Ron and Shabtai, Asaf},
  booktitle={2020 international joint conference on neural networks (IJCNN)},
  pages={1--8},
  year={2020},
  organization={IEEE}
}

@inproceedings{deep_learning_tsne_umap_19,
  title={Explainable ai for inspecting adversarial attacks on deep neural networks},
  author={Klawikowska, Zuzanna and Miko{\l}ajczyk, Agnieszka and Grochowski, Micha{\l}},
  booktitle={Artificial Intelligence and Soft Computing: 19th International Conference, ICAISC 2020, Zakopane, Poland, October 12-14, 2020, Proceedings, Part I 19},
  pages={134--146},
  year={2020},
  organization={Springer}
}

@inproceedings{deep_learning_tsne_umap_20,
  title={Dynamic network pruning with interpretable layerwise channel selection},
  author={Wang, Yulong and Zhang, Xiaolu and Hu, Xiaolin and Zhang, Bo and Su, Hang},
  booktitle={Proceedings of the AAAI Conference on Artificial Intelligence},
  volume={34},
  number={04},
  pages={6299--6306},
  year={2020}
}

@inproceedings{deep_learning_tsne_umap_21,
  title={An Empirical Study Towards SAR Adversarial Examples},
  author={Zhang, Zhiwei and Liu, Shuowei and Gao, Xunzhang and Diao, Yujia},
  booktitle={2022 International Conference on Image Processing, Computer Vision and Machine Learning (ICICML)},
  pages={127--132},
  year={2022},
  organization={IEEE}
}

@article{deep_learning_tsne_umap_22,
  title={Domain adaptation for sentiment analysis using increased intraclass separation},
  author={Rostami, Mohammad and Galstyan, Aram},
  journal={arXiv preprint arXiv:2107.01598},
  year={2021}
}

@inproceedings{deep_learning_tsne_umap_23,
  title={Using the triplet loss for domain adaptation in WCE},
  author={Laiz, Pablo and Vitria, Jordi and Segu{\'\i}, Santi},
  booktitle={Proceedings of the IEEE/CVF International Conference on Computer Vision Workshops},
  pages={0--0},
  year={2019}
}

@article{deep_learning_tsne_umap_24,
  title={Unsupervised contrastive domain adaptation for semantic segmentation},
  author={Zhang, Feihu and Koltun, Vladlen and Torr, Philip and Ranftl, Ren{\'e} and Richter, Stephan R},
  journal={arXiv preprint arXiv:2204.08399},
  year={2022}
}

@article{deep_learning_tsne_umap_25,
  title={Incremental multi-target domain adaptation for object detection with efficient domain transfer},
  author={Kiran, Madhu and Pedersoli, Marco and Dolz, Jose and Blais-Morin, Louis-Antoine and Granger, Eric and others},
  journal={Pattern Recognition},
  volume={129},
  pages={108771},
  year={2022},
  publisher={Elsevier}
}

@article{deep_learning_tsne_umap_26,
  title={Adpl: Adaptive dual path learning for domain adaptation of semantic segmentation},
  author={Cheng, Yiting and Wei, Fangyun and Bao, Jianmin and Chen, Dong and Zhang, Wenqiang},
  journal={IEEE Transactions on Pattern Analysis and Machine Intelligence},
  year={2023},
  publisher={IEEE}
}

@article{deep_learning_tsne_umap_27,
  title={Your classifier can secretly suffice multi-source domain adaptation},
  author={Venkat, Naveen and Kundu, Jogendra Nath and Singh, Durgesh and Revanur, Ambareesh and others},
  journal={Advances in Neural Information Processing Systems},
  volume={33},
  pages={4647--4659},
  year={2020}
}

@article{deep_learning_tsne_umap_28,
  title={Reducing the covariate shift by mirror samples in cross domain alignment},
  author={Zhao, Yin and Cai, Longjun and others},
  journal={Advances in Neural Information Processing Systems},
  volume={34},
  pages={9546--9558},
  year={2021}
}

@inproceedings{deep_learning_tsne_umap_29,
  title={Unsupervised domain adaptation via regularized conditional alignment},
  author={Cicek, Safa and Soatto, Stefano},
  booktitle={Proceedings of the IEEE/CVF international conference on computer vision},
  pages={1416--1425},
  year={2019}
}

@inproceedings{deep_learning_tsne_umap_30,
  title={Attract, perturb, and explore: Learning a feature alignment network for semi-supervised domain adaptation},
  author={Kim, Taekyung and Kim, Changick},
  booktitle={Computer Vision--ECCV 2020: 16th European Conference, Glasgow, UK, August 23--28, 2020, Proceedings, Part XIV 16},
  pages={591--607},
  year={2020},
  organization={Springer}
}

@article{deep_learning_tsne_umap_31,
  title={Domain generalization via optimal transport with metric similarity learning},
  author={Zhou, Fan and Jiang, Zhuqing and Shui, Changjian and Wang, Boyu and Chaib-draa, Brahim},
  journal={Neurocomputing},
  volume={456},
  pages={469--480},
  year={2021},
  publisher={Elsevier}
}

@incollection{deep_learning_tsne_umap_32,
  title={Glocal alignment for unsupervised domain adaptation},
  author={Chhabra, Sachin and Dutta, Prabal Bijoy and Li, Baoxin and Venkateswara, Hemanth},
  booktitle={Multimedia Understanding with Less Labeling on Multimedia Understanding with Less Labeling},
  pages={45--51},
  year={2021}
}

@article{deep_learning_tsne_umap_33,
  title={Partial alignment for object detection in the wild},
  author={He, Zhenwei and Zhang, Lei and Yang, Yi and Gao, Xinbo},
  journal={IEEE Transactions on Circuits and Systems for Video Technology},
  volume={32},
  number={8},
  pages={5238--5251},
  year={2021},
  publisher={IEEE}
}

@article{deep_learning_tsne_umap_34,
  title={Dual alignment for partial domain adaptation},
  author={Li, Lusi and Wan, Zhiqiang and He, Haibo},
  journal={IEEE transactions on cybernetics},
  volume={51},
  number={7},
  pages={3404--3416},
  year={2020},
  publisher={IEEE}
}

@article{deep_learning_tsne_umap_35,
  title={Dynamic feature alignment for semi-supervised domain adaptation},
  author={Zhang, Yu and Liang, Gongbo and Jacobs, Nathan},
  journal={arXiv preprint arXiv:2110.09641},
  year={2021}
}

@article{deep_learning_tsne_umap_36,
  title={Feature alignment and restoration for domain generalization and adaptation},
  author={Jin, Xin and Lan, Cuiling and Zeng, Wenjun and Chen, Zhibo},
  journal={arXiv preprint arXiv:2006.12009},
  year={2020}
}

@article{deep_learning_tsne_umap_37,
  title={Target-style-aware unsupervised domain adaptation for object detection},
  author={Yun, Woo-han and Han, ByungOk and Lee, Jaeyeon and Kim, Jaehong and Kim, Junmo},
  journal={IEEE Robotics and Automation Letters},
  volume={6},
  number={2},
  pages={3825--3832},
  year={2021},
  publisher={IEEE}
}

@inproceedings{deep_learning_tsne_umap_38,
  title={Orientation robust object detection in aerial images using deep convolutional neural network},
  author={Zhu, Haigang and Chen, Xiaogang and Dai, Weiqun and Fu, Kun and Ye, Qixiang and Jiao, Jianbin},
  booktitle={2015 IEEE International Conference on Image Processing (ICIP)},
  pages={3735--3739},
  year={2015},
  organization={IEEE}
}

@article{deep_learning_tsne_umap_39,
  title={Deep active learning for object detection},
  author={Li, Ying and Fan, Binbin and Zhang, Weiping and Ding, Weiping and Yin, Jianwei},
  journal={Information Sciences},
  volume={579},
  pages={418--433},
  year={2021},
  publisher={Elsevier}
}

@article{deep_learning_tsne_umap_40,
  title={Active learning for convolutional neural networks: A core-set approach},
  author={Sener, Ozan and Savarese, Silvio},
  journal={arXiv preprint arXiv:1708.00489},
  year={2017}
}

@inproceedings{deep_learning_tsne_umap_41,
  title={Active learning for efficient audio annotation and classification with a large amount of unlabeled data},
  author={Wang, Yu and Mendez, Ana Elisa Mendez and Cartwright, Mark and Bello, Juan Pablo},
  booktitle={ICASSP 2019-2019 ieee international conference on acoustics, speech and signal processing (icassp)},
  pages={880--884},
  year={2019},
  organization={IEEE}
}

@article{deep_learning_tsne_umap_42,
  title={Half a percent of labels is enough: Efficient animal detection in UAV imagery using deep CNNs and active learning},
  author={Kellenberger, Benjamin and Marcos, Diego and Lobry, Sylvain and Tuia, Devis},
  journal={IEEE Transactions on Geoscience and Remote Sensing},
  volume={57},
  number={12},
  pages={9524--9533},
  year={2019},
  publisher={IEEE}
}

@article{deep_learning_tsne_umap_43,
  title={Cold-start active learning through self-supervised language modeling},
  author={Yuan, Michelle and Lin, Hsuan-Tien and Boyd-Graber, Jordan},
  journal={arXiv preprint arXiv:2010.09535},
  year={2020}
}

@article{deep_learning_tsne_umap_44,
  title={layerUMAP: A tool for visualizing and understanding deep learning models in biological sequence classification using UMAP},
  author={Jing, Runyu and Xue, Li and Li, Menglong and Yu, Lezheng and Luo, Jiesi},
  journal={Iscience},
  volume={25},
  number={12},
  pages={105530},
  year={2022},
  publisher={Elsevier}
}

@inproceedings{deep_learning_tsne_umap_45,
  title={Unsupervised emitter clustering through deep manifold learning},
  author={Stankowicz, James and Kuzdeba, Scott},
  booktitle={2021 IEEE 11th Annual Computing and Communication Workshop and Conference (CCWC)},
  pages={0732--0737},
  year={2021},
  organization={IEEE}
}

% tSNE/UMAP used for clustering

@article{tsne_umap_clustering_1,
  title={Microstructure cluster analysis with transfer learning and unsupervised learning},
  author={Kitahara, Andrew R and Holm, Elizabeth A},
  journal={Integrating Materials and Manufacturing Innovation},
  volume={7},
  pages={148--156},
  year={2018},
  publisher={Springer}
}

@inproceedings{gradcam,
  author       = {Ramprasaath R. Selvaraju and
                  Michael Cogswell and
                  Abhishek Das and
                  Ramakrishna Vedantam and
                  Devi Parikh and
                  Dhruv Batra},
  title        = {Grad-CAM: Visual Explanations from Deep Networks via Gradient-Based
                  Localization},
  booktitle    = {{IEEE} International Conference on Computer Vision, {ICCV} 2017, Venice,
                  Italy, October 22-29, 2017},
  pages        = {618--626},
  publisher    = {{IEEE} Computer Society},
  year         = {2017},
  url          = {https://doi.org/10.1109/ICCV.2017.74},
  doi          = {10.1109/ICCV.2017.74},
  timestamp    = {Thu, 23 Mar 2023 23:57:42 +0100},
  biburl       = {https://dblp.org/rec/conf/iccv/SelvarajuCDVPB17.bib},
  bibsource    = {dblp computer science bibliography, https://dblp.org}
}
@article{counterfactuals,
  author       = {Sandra Wachter and
                  Brent D. Mittelstadt and
                  Chris Russell},
  title        = {Counterfactual Explanations without Opening the Black Box: Automated
                  Decisions and the {GDPR}},
  journal      = {CoRR},
  volume       = {abs/1711.00399},
  year         = {2017},
  url          = {http://arxiv.org/abs/1711.00399},
  eprinttype    = {arXiv},
  eprint       = {1711.00399},
  timestamp    = {Wed, 23 Jan 2019 13:31:00 +0100},
  biburl       = {https://dblp.org/rec/journals/corr/abs-1711-00399.bib},
  bibsource    = {dblp computer science bibliography, https://dblp.org}
}

@inproceedings{lime,
  author       = {Marco T{\'{u}}lio Ribeiro and
                  Sameer Singh and
                  Carlos Guestrin},
  editor       = {Balaji Krishnapuram and
                  Mohak Shah and
                  Alexander J. Smola and
                  Charu C. Aggarwal and
                  Dou Shen and
                  Rajeev Rastogi},
  title        = {"Why Should {I} Trust You?": Explaining the Predictions of Any Classifier},
  booktitle    = {Proceedings of the 22nd {ACM} {SIGKDD} International Conference on
                  Knowledge Discovery and Data Mining, San Francisco, CA, USA, August
                  13-17, 2016},
  pages        = {1135--1144},
  publisher    = {{ACM}},
  year         = {2016},
  url          = {https://doi.org/10.1145/2939672.2939778},
  doi          = {10.1145/2939672.2939778},
  timestamp    = {Fri, 25 Dec 2020 01:14:16 +0100},
  biburl       = {https://dblp.org/rec/conf/kdd/Ribeiro0G16.bib},
  bibsource    = {dblp computer science bibliography, https://dblp.org}
}

@inproceedings{goyal,
  author       = {Yash Goyal and
                  Ziyan Wu and
                  Jan Ernst and
                  Dhruv Batra and
                  Devi Parikh and
                  Stefan Lee},
  editor       = {Kamalika Chaudhuri and
                  Ruslan Salakhutdinov},
  title        = {Counterfactual Visual Explanations},
  booktitle    = {Proceedings of the 36th International Conference on Machine Learning,
                  {ICML} 2019, 9-15 June 2019, Long Beach, California, {USA}},
  series       = {Proceedings of Machine Learning Research},
  volume       = {97},
  pages        = {2376--2384},
  publisher    = {{PMLR}},
  year         = {2019},
  url          = {http://proceedings.mlr.press/v97/goyal19a.html},
  timestamp    = {Tue, 11 Jun 2019 15:37:38 +0200},
  biburl       = {https://dblp.org/rec/conf/icml/GoyalWEBPL19.bib},
  bibsource    = {dblp computer science bibliography, https://dblp.org}
}

@inproceedings{alexnet,
  author       = {Alex Krizhevsky and
                  Ilya Sutskever and
                  Geoffrey E. Hinton},
  editor       = {Peter L. Bartlett and
                  Fernando C. N. Pereira and
                  Christopher J. C. Burges and
                  L{\'{e}}on Bottou and
                  Kilian Q. Weinberger},
  title        = {ImageNet Classification with Deep Convolutional Neural Networks},
  booktitle    = {Advances in Neural Information Processing Systems 25: 26th Annual
                  Conference on Neural Information Processing Systems 2012. Proceedings
                  of a meeting held December 3-6, 2012, Lake Tahoe, Nevada, United States},
  pages        = {1106--1114},
  year         = {2012},
  url          = {https://proceedings.neurips.cc/paper/2012/hash/c399862d3b9d6b76c8436e924a68c45b-Abstract.html},
  timestamp    = {Mon, 16 May 2022 15:41:51 +0200},
  biburl       = {https://dblp.org/rec/conf/nips/KrizhevskySH12.bib},
  bibsource    = {dblp computer science bibliography, https://dblp.org}
}

@inproceedings{zf,
  author       = {Matthew D. Zeiler and
                  Rob Fergus},
  editor       = {David J. Fleet and
                  Tom{\'{a}}s Pajdla and
                  Bernt Schiele and
                  Tinne Tuytelaars},
  title        = {Visualizing and Understanding Convolutional Networks},
  booktitle    = {Computer Vision - {ECCV} 2014 - 13th European Conference, Zurich,
                  Switzerland, September 6-12, 2014, Proceedings, Part {I}},
  series       = {Lecture Notes in Computer Science},
  volume       = {8689},
  pages        = {818--833},
  publisher    = {Springer},
  year         = {2014},
  url          = {https://doi.org/10.1007/978-3-319-10590-1\_53},
  doi          = {10.1007/978-3-319-10590-1\_53},
  timestamp    = {Tue, 14 May 2019 10:00:45 +0200},
  biburl       = {https://dblp.org/rec/conf/eccv/ZeilerF14.bib},
  bibsource    = {dblp computer science bibliography, https://dblp.org}
}

@article{vgg,
  title={Very deep convolutional networks for large-scale image recognition},
  author={Simonyan, Karen and Zisserman, Andrew},
  journal={arXiv preprint arXiv:1409.1556},
  year={2014}
}

@inproceedings{sublinear_approx,
  title={Sublinear time low-rank approximation of positive semidefinite matrices},
  author={Musco, Cameron and Woodruff, David P},
  booktitle={2017 IEEE 58th Annual Symposium on Foundations of Computer Science (FOCS)},
  pages={672--683},
  year={2017},
  organization={IEEE}
}
